@misc{zindi2025lacuna,
  author       = {{Zindi}},
  title        = {Lacuna Solar Survey Challenge},
  howpublished = {\url{https://zindi.africa/competitions/lacuna-solar-survey-challenge}},
  note         = {Accessed: 2025-04-07},
  year         = {2025}
}
